@misc{georganas2018extreme,
  title={Extreme Scale De Novo Metagenome Assembly},
  author={Evangelos Georganas and Rob Egan and Steven Hofmeyr and Eugene Goltsman and Bill Arndt and Andrew Tritt and Aydin Buluc and Leonid Oliker and Katherine Yelick},
  year={2018},
  eprint={1809.07014},
  archivePrefix={arXiv},
  primaryClass={cs.DC}
}

@article{10.1093/bioinformatics/bty648,
  author = {Langmead, Ben and Wilks, Christopher and Antonescu, Valentin and Charles, Rone},
  title = "{Scaling read aligners to hundreds of threads on general-purpose processors}",
  journal = {Bioinformatics},
  volume = {35},
  number = {3},
  pages = {421-432},
  year = {2018},
  month = {07},
  abstract = "{General-purpose processors can now contain many dozens of processor cores and support hundreds of simultaneous threads of execution. To make best use of these threads, genomics software must contend with new and subtle computer architecture issues. We discuss some of these and propose methods for improving thread scaling in tools that analyze each read independently, such as read aligners.We implement these methods in new versions of Bowtie, Bowtie 2 and HISAT. We greatly improve thread scaling in many scenarios, including on the recent Intel Xeon Phi architecture. We also highlight how bottlenecks are exacerbated by variable-record-length file formats like FASTQ and suggest changes that enable superior scaling.Experiments for this study: https://github.com/BenLangmead/bowtie-scaling.http://bowtie-bio.sourceforge.net.http://bowtie-bio.sourceforge.net/bowtie2.http://www.ccb.jhu.edu/software/hisatSupplementary data are available at Bioinformatics online.}",
  issn = {1367-4803},
  doi = {10.1093/bioinformatics/bty648},
  url = {https://doi.org/10.1093/bioinformatics/bty648},
  eprint = {http://oup.prod.sis.lan/bioinformatics/article-pdf/35/3/421/27700323/bty648.pdf},
}

@misc{langmead, 
  title={De Bruijn Graph assembly lectures},
  url={http://www.langmead-lab.org/teaching-materials/},
  journal={LANGMEAD LAB AT JHU}, 
  author={Langmead, Ben}
}

@misc{wikipedia, 
  title={De Bruijn graph}, 
  url={https://en.wikipedia.org/wiki/De_Bruijn_graph}, 
  journal={Wikipedia},
  publisher={Wikimedia Foundation}, 
  author={Wikimedia Foundation},
  year={2019}, 
  month={Nov}
}

@misc{ncbi.nlm.nih.gov,
  title={HIV-1, complete genome - Nucleotide - NCBI},
  url={https://www.ncbi.nlm.nih.gov/nuccore/4558520},
  journal={National Center for Biotechnology Information},
  publisher={U.S. National Library of Medicine},
  author={ncbi.nlm.nih.gov}
}

@misc{baier2019edge,
  title={Edge minimization in de Bruijn graphs},
  author={Uwe Baier and Thomas Büchler and Enno Ohlebusch and Pascal Weber},
  year={2019},
  eprint={1911.00044},
  archivePrefix={arXiv},
  primaryClass={cs.DS}
}

@misc{dazdomnguez2019simulating,
  title={Simulating the DNA String Graph in Succinct Space},
  author={Diego Díaz-Domínguez and Travis Gagie and Gonzalo Navarro},
  year={2019},
  eprint={1901.10453},
  archivePrefix={arXiv},
  primaryClass={cs.DS}
}